% Encoding: UTF-8

@article{
    doi:10.1126/scirobotics.abm6074,
    author = {Steven Macenski  and Tully Foote  and Brian Gerkey  and Chris Lalancette  and William Woodall },
    title = {Robot Operating System 2: Design, architecture, and uses in the wild},
    journal = {Science Robotics},
    volume = {7},
    number = {66},
    pages = {eabm6074},
    year = {2022},
    doi = {10.1126/scirobotics.abm6074},
    URL = {https://www.science.org/doi/abs/10.1126/scirobotics.abm6074}
}

@inproceedings{feng2018wing,
  title={Wing loss for robust facial landmark localisation with convolutional neural networks},
  author={Feng, Zhen-Hua and Kittler, Josef and Awais, Muhammad and Huber, Patrik and Wu, Xiao-Jun},
  booktitle={Proceedings of the IEEE conference on computer vision and pattern recognition},
  pages={2235--2245},
  year={2018}
}

@misc{hushidong_biblatex-gb7714-2015,
  author       = {Hushidong},
  title        = {biblatex-gb7714-2015: BibLaTeX implementation of the GB/T 7714-2015 bibliography style},
  year         = {2015},
  howpublished = {\url{https://github.com/hushidong/biblatex-gb7714-2015}},
  note         = {Accessed: 2024-06-14}
}

@misc{overleaf2024homework,
  author = {K C},
  title = {Homework in Chinese},
  year = {2022},
  url = {https://www.overleaf.com/latex/templates/homework-in-chinese/dvqqttjspvpr},
  note = {Accessed: 2024-06-14}
}

@misc{pku_undergrad_thesis_template,
  author = {skipher},
  title = {PKU Undergraduate Thesis Template (modified from pkuthss)},
  year = {2022},
  url = {https://www.overleaf.com/latex/templates/pku-undergraduate-thesis-template-modified-from-pkuthss/pfrbvymbwbxk},
  note = {Creative Commons CC BY 4.0}
}
